<?xml version="1.0" encoding="UTF-8"?><collection><record><leader>04474ntm a2200505 a 4500</leader><controlfield tag="001">006788871</controlfield><controlfield tag="003">MiAaHDL</controlfield><controlfield tag="005">20190719000000.0</controlfield><controlfield tag="006">m        d        </controlfield><controlfield tag="007">cr bn ---auaua</controlfield><controlfield tag="008">090520q13451346xx            00| ||ara d</controlfield><datafield tag="035" ind1=" " ind2=" "><subfield code="a">(MiU)006788871</subfield></datafield><datafield tag="035" ind1=" " ind2=" "><subfield code="a">sdr-miu006788871</subfield></datafield><datafield tag="040" ind1=" " ind2=" "><subfield code="a">MiU</subfield><subfield code="c">MiU</subfield><subfield code="e">amremm</subfield></datafield><datafield tag="043" ind1=" " ind2=" "><subfield code="a">n-us-mi</subfield><subfield code="a">a-ir---</subfield></datafield><datafield tag="100" ind1="0" ind2=" "><subfield code="6">880-01</subfield><subfield code="a">Ghazzālī,</subfield><subfield code="d">1058-1111.</subfield></datafield><datafield tag="245" ind1="1" ind2="3"><subfield code="6">880-03</subfield><subfield code="a">al-Maqṣad al-asná,</subfield><subfield code="f">[746, i.e. 1345 or 1346].</subfield></datafield><datafield tag="260" ind1=" " ind2=" "><subfield code="a">[Shiraz,</subfield><subfield code="c">1345 or 1346].</subfield></datafield><datafield tag="300" ind1=" " ind2=" "><subfield code="a">40 leaves :</subfield><subfield code="b">paper ;</subfield><subfield code="c">195 x 130 (105 x 175) mm.</subfield></datafield><datafield tag="500" ind1=" " ind2=" "><subfield code="a">Shelfmark: Ann Arbor, University of Michigan, Special Collections Library, Isl. Ms. 536</subfield></datafield><datafield tag="500" ind1=" " ind2=" "><subfield code="a">Origin: According to colophon on fol.40a, copied ("katabtuhu") in Shīrāz by al-ʻArshī, 746 [1345 or 1346].</subfield></datafield><datafield tag="500" ind1=" " ind2=" "><subfield code="a">Accompanying materials: a. Inventory cataloguing slip in hand of Winifred Smeaton Thomas. -- b. Acquisitions slip from Yahuda</subfield></datafield><datafield tag="500" ind1=" " ind2=" "><subfield code="a">Binding: Covered in blue cloth without boards; Type III (without flap); modern, certainly not original.</subfield></datafield><datafield tag="500" ind1=" " ind2=" "><subfield code="a">Support: non-European laid paper; laid lines sometimes run vertically, sometimes horizontally; no chain lines visible; 20 laid lines in 17mm; watermarked European laid paper is used for the substituted leaf at fol.28 as well as for the repairs at the top of fol.40; chain lines spaced roughly 21 mm. apart and running horizontally; watermark may be pot with grapes.</subfield></datafield><datafield tag="500" ind1=" " ind2=" "><subfield code="a">Decoration: Text of fol.12a is rubricated.</subfield></datafield><datafield tag="500" ind1=" " ind2=" "><subfield code="a">Script: Mainly naskh with elements of taʻlīq; medium Persian hand with words descending onto the baseline, partially pointed and with rare vocalization, somewhat difficult to read; fol.21 and fol.28 are in a small, neat Persian naskh.</subfield></datafield><datafield tag="500" ind1=" " ind2=" "><subfield code="a">Layout: Written in 21 lines per page except for the inserted folia (fol. 21 and fol. 28) which range from 23-26 lines per page.</subfield></datafield><datafield tag="500" ind1=" " ind2=" "><subfield code="a">Collation: iv, 4 V (40) ; chiefly quinions; catchwords present; pagination added later in pencil, Western numerals.</subfield></datafield><datafield tag="500" ind1=" " ind2=" "><subfield code="a">Colophon: "Scribal," rectangular, reads: "كتبته بشيراز سنة 746 العرشي غفر الله له"</subfield></datafield><datafield tag="500" ind1=" " ind2=" "><subfield code="a">Explicit: "والفطنة والذكاء يشعر [كذا] بسرعة الادراك [؟] لما غاب عن المدرك والمعرفة قد [كذا] سبق نكرة فلا يمنع عن اطلاق شيء منه الا شيء مما ذكرناه فان حقق لفظ لا يوهم اصلا بين المتفاهمين ولم يرد الشرع بالمنع منه فانا نجوز اطلاقه قطعا والله اعلم بالصواب"</subfield></datafield><datafield tag="500" ind1=" " ind2=" "><subfield code="a">Incipit: "قال الشيخ الامام حجة الاسلام ابو حامد محمد بن محمد بن محمد الغزالي نعمة الله ورضوانه عليه فالحمد لله المتفرد بكبريائه وعظمته المتوحد بتعاليه وصمديته الذي قصر اجنحة العقول ... بعد فقد سألني اخ في الله يعين [؟] في الدين اجابته شرح معاني اسماء الله الحسنى ..."</subfield></datafield><datafield tag="500" ind1=" " ind2=" "><subfield code="a">Title from recto of first flyleaf.</subfield></datafield><datafield tag="500" ind1=" " ind2=" "><subfield code="a">Ms. codex.</subfield></datafield><datafield tag="510" ind1="4" ind2=" "><subfield code="a">Hajji Khalifah. Kashf al-ẓunūn,</subfield><subfield code="c">vi 89, no.12790</subfield></datafield><datafield tag="510" ind1="4" ind2=" "><subfield code="a">Brockelmann, C. GAL,</subfield><subfield code="c">I 421, no.5</subfield></datafield><datafield tag="520" ind1="8" ind2=" "><subfield code="a">Treatise on the divine attributes, or ninety-nine names of God, and whether men may imitate them. Description provided by Noah Gardiner.</subfield></datafield><datafield tag="538" ind1=" " ind2=" "><subfield code="a">Mode of access: Internet.</subfield></datafield><datafield tag="541" ind1=" " ind2=" "><subfield code="a">Acquired in 1926 from the bookseller Isaac Benjamin S.E. Yahuda via purchase transacted on his behalf by Abraham Shalom Yahuda (1877-1951), his younger brother.</subfield></datafield><datafield tag="546" ind1=" " ind2=" "><subfield code="a">Arabic.</subfield></datafield><datafield tag="561" ind1=" " ind2=" "><subfield code="a">Numerous notes on fol.1a and fol.40b; the former may be prayers; the latter contains what might be described as a hand-drawn seal, as well as a series of numbers and calculations the purpose of which is not at all clear; collation mark "بلغ" on fol.6b; marginal correction fol.35b "فهذا الكتاب لا يحتمله صح"; pages have been trimmed with loss of some marginalia.</subfield></datafield><datafield tag="650" ind1=" " ind2="0"><subfield code="a">Manuscripts, Arabic</subfield><subfield code="z">Michigan</subfield><subfield code="z">Ann Arbor.</subfield></datafield><datafield tag="650" ind1=" " ind2="0"><subfield code="a">God (Islam)</subfield><subfield code="x">Name</subfield><subfield code="v">Early works to 1800.</subfield></datafield><datafield tag="650" ind1=" " ind2="0"><subfield code="a">God (Islam)</subfield><subfield code="x">Attributes</subfield><subfield code="v">Early works to 1800.</subfield></datafield><datafield tag="700" ind1="0" ind2=" "><subfield code="6">880-04</subfield><subfield code="a">ʻArshī,</subfield><subfield code="d">fl. 1345,</subfield><subfield code="e">scribe.</subfield></datafield><datafield tag="773" ind1="0" ind2=" "><subfield code="a">Yahuda Collection.</subfield></datafield><datafield tag="880" ind1="0" ind2=" "><subfield code="6">700-04/</subfield><subfield code="a">عرشي,</subfield><subfield code="e">ناسخ.</subfield></datafield><datafield tag="880" ind1="1" ind2="2"><subfield code="6">245-03/</subfield><subfield code="a">المقصد الاسنى,</subfield><subfield code="f">[746ه, 1345 أو 1346م].</subfield></datafield><datafield tag="880" ind1="0" ind2=" "><subfield code="6">100-01/</subfield><subfield code="a">غزالي.</subfield></datafield><datafield tag="CID" ind1=" " ind2=" "><subfield code="a">006788871</subfield></datafield><datafield tag="DAT" ind1="0" ind2=" "><subfield code="a">20190719102635.0</subfield><subfield code="b">20190719000000.0</subfield></datafield><datafield tag="DAT" ind1="1" ind2=" "><subfield code="a">20190719090653.0</subfield><subfield code="b">2019-07-19T16:11:29Z</subfield></datafield><datafield tag="DAT" ind1="2" ind2=" "><subfield code="a">2015-10-02T18:00:03Z</subfield></datafield><datafield tag="CAT" ind1=" " ind2=" "><subfield code="a">SDR-MIU</subfield><subfield code="d">EX LIBRIS - ALEPH</subfield><subfield code="l">prepare.pl-004-008</subfield></datafield><datafield tag="FMT" ind1=" " ind2=" "><subfield code="a">BK</subfield></datafield><datafield tag="HOL" ind1=" " ind2=" "><subfield code="0">sdr-miu006788871</subfield><subfield code="a">MiU</subfield><subfield code="b">SDR</subfield><subfield code="c">MIU</subfield><subfield code="p">mdp.39015079126374</subfield><subfield code="s">MIU</subfield><subfield code="1">006788871</subfield></datafield><datafield tag="974" ind1=" " ind2=" "><subfield code="b">MIU</subfield><subfield code="c">MIU</subfield><subfield code="d">20190719</subfield><subfield code="s">lit-dlps-dc</subfield><subfield code="u">mdp.39015079126374</subfield><subfield code="y">1346</subfield><subfield code="r">pd</subfield><subfield code="q">bib</subfield><subfield code="t">non-US bib date2 &lt; 1896</subfield></datafield></record></collection>